@book{DC_motor_model,
    author = {Franklin, Powell, Emama-Naeini},
    title = {Feedback Control of Dynamic Systems},
    publisher = {Pearson Education Limited},
    year = {2020}
}